<record><leader>00000cas a2200000 i 4500</leader><controlfield tag="001">894502667</controlfield><controlfield tag="006">m     o  d        </controlfield><controlfield tag="007">cr |||||||||||</controlfield><controlfield tag="008">141105d188u1913ncuwr neo     0   a0eng  </controlfield><datafield ind1=" " ind2=" " tag="010"><subfield code="a">  2014218728</subfield></datafield><datafield ind1=" " ind2=" " tag="040"><subfield code="a">DLC</subfield><subfield code="b">eng</subfield><subfield code="e">rda</subfield><subfield code="c">DLC</subfield><subfield code="d">DLC</subfield></datafield><datafield ind1="0" ind2=" " tag="022"><subfield code="a">2375-8872</subfield><subfield code="2">1</subfield></datafield><datafield ind1=" " ind2=" " tag="042"><subfield code="a">pcc</subfield><subfield code="a">nsdp</subfield></datafield><datafield ind1=" " ind2=" " tag="043"><subfield code="a">n-us-nc</subfield></datafield><datafield ind1="1" ind2="0" tag="050"><subfield code="a">ISSN RECORD</subfield></datafield><datafield ind1="0" ind2="0" tag="082"><subfield code="a">071</subfield><subfield code="2">23</subfield></datafield><datafield ind1="0" ind2=" " tag="130"><subfield code="a">Caucasian (Clinton, N.C.)</subfield></datafield><datafield ind1=" " ind2="4" tag="222"><subfield code="a">The Caucasian</subfield><subfield code="b">(Clinton, N.C. Online)</subfield></datafield><datafield ind1="1" ind2="4" tag="245"><subfield code="a">The Caucasian.</subfield></datafield><datafield ind1="1" ind2="3" tag="246"><subfield code="a">Caucasian and Raleigh enterprise</subfield><subfield code="f">Apr. 9, 1908-&lt;May 15, 1913&gt;</subfield></datafield><datafield ind1=" " ind2="1" tag="264"><subfield code="a">Clinton, N.C. :</subfield><subfield code="b">Marion Butler</subfield></datafield><datafield ind1=" " ind2=" " tag="300"><subfield code="a">1 online resource</subfield></datafield><datafield ind1=" " ind2=" " tag="310"><subfield code="a">Weekly</subfield></datafield><datafield ind1=" " ind2=" " tag="336"><subfield code="a">text</subfield><subfield code="b">txt</subfield><subfield code="2">rdacontent</subfield></datafield><datafield ind1=" " ind2=" " tag="337"><subfield code="a">computer</subfield><subfield code="b">c</subfield><subfield code="2">rdamedia</subfield></datafield><datafield ind1=" " ind2=" " tag="338"><subfield code="a">online resource</subfield><subfield code="b">cr</subfield><subfield code="2">rdacarrier</subfield></datafield><datafield ind1="1" ind2=" " tag="362"><subfield code="a">Ceased May 22, 1913.</subfield></datafield><datafield ind1=" " ind2=" " tag="500"><subfield code="a">Published in Goldsboro, N.C., Feb. 2, 1893-Dec. 13, 1894; Raleigh, N.C., Dec. 27, 1894-May 22, 1913.</subfield></datafield><datafield ind1=" " ind2=" " tag="500"><subfield code="a">Publisher: Caucasian Publishing Company, &lt;May 15, 1913&gt;.</subfield></datafield><datafield ind1=" " ind2=" " tag="580"><subfield code="a">Concurrently published with Clinton Caucasian &lt;1898&gt;, which was a revival of the earlier Clinton ed. of the Caucasian.</subfield></datafield><datafield ind1=" " ind2=" " tag="588"><subfield code="a">Description based on: Vol. VII, no. 21 (March 7, 1889); title from masthead (Chroniclingamerica.loc.gov, viewed November 5, 2014).</subfield></datafield><datafield ind1=" " ind2=" " tag="588"><subfield code="a">Latest issue consulted: Vol. XXXI, no. 18 (May 15, 1913) (Chroniclingamerica.loc.gov, viewed November 5, 2014).</subfield></datafield><datafield ind1=" " ind2="0" tag="651"><subfield code="a">Clinton (N.C.)</subfield><subfield code="v">Newspapers.</subfield></datafield><datafield ind1=" " ind2="0" tag="651"><subfield code="a">Goldsboro (N.C.)</subfield><subfield code="v">Newspapers.</subfield></datafield><datafield ind1=" " ind2="0" tag="651"><subfield code="a">Raleigh (N.C.)</subfield><subfield code="v">Newspapers.</subfield></datafield><datafield ind1=" " ind2="7" tag="651"><subfield code="a">North Carolina</subfield><subfield code="z">Clinton.</subfield><subfield code="2">fast</subfield><subfield code="0">(OCoLC)fst01220056</subfield></datafield><datafield ind1=" " ind2="7" tag="651"><subfield code="a">North Carolina</subfield><subfield code="z">Goldsboro.</subfield><subfield code="2">fast</subfield><subfield code="0">(OCoLC)fst01207262</subfield></datafield><datafield ind1=" " ind2="7" tag="651"><subfield code="a">North Carolina</subfield><subfield code="z">Raleigh.</subfield><subfield code="2">fast</subfield><subfield code="0">(OCoLC)fst01206341</subfield></datafield><datafield ind1=" " ind2="7" tag="655"><subfield code="a">Newspapers.</subfield><subfield code="2">fast</subfield><subfield code="0">(OCoLC)fst01423814</subfield></datafield><datafield ind1=" " ind2=" " tag="752"><subfield code="a">United States</subfield><subfield code="b">North Carolina</subfield><subfield code="c">Wake</subfield><subfield code="d">Raleigh.</subfield></datafield><datafield ind1=" " ind2=" " tag="752"><subfield code="a">United States</subfield><subfield code="b">North Carolina</subfield><subfield code="c">Wayne</subfield><subfield code="d">Goldsboro.</subfield></datafield><datafield ind1=" " ind2=" " tag="752"><subfield code="a">United States</subfield><subfield code="b">North Carolina</subfield><subfield code="c">Sampson</subfield><subfield code="d">Clinton.</subfield></datafield><datafield ind1="0" ind2=" " tag="775"><subfield code="t">Daily Caucasian (Raleigh, N.C.)</subfield><subfield code="x">2375-8848</subfield><subfield code="w">(DLC)  2014218727</subfield><subfield code="w">(OCoLC)894501409</subfield></datafield><datafield ind1="0" ind2=" " tag="775"><subfield code="t">Clinton Caucasian</subfield></datafield><datafield ind1="0" ind2="8" tag="776"><subfield code="i">Originally issued in print:</subfield><subfield code="t">Caucasian (Clinton, N.C.)</subfield><subfield code="x">2375-8864</subfield><subfield code="w">(DLC)sn 91068245</subfield><subfield code="w">(OCoLC)24090058</subfield></datafield><datafield ind1="0" ind2="0" tag="780"><subfield code="t">Weekly Caucasian (Clinton, N.C.)</subfield><subfield code="x">2376-0303</subfield><subfield code="w">(DLC)  2014218744</subfield><subfield code="w">(OCoLC)895039949</subfield></datafield><datafield ind1="0" ind2="5" tag="780"><subfield code="t">Farmers' advocate (Tarboro, N.C.)</subfield></datafield><datafield ind1="0" ind2="5" tag="780"><subfield code="t">Raleigh enterprise</subfield></datafield><datafield ind1="0" ind2="4" tag="785"><subfield code="t">Union Republican (Winston-Salem, N.C.)</subfield></datafield><datafield ind1="4" ind2="0" tag="856"><subfield code="u">http://www.loc.gov/chroniclingamerica/lccn/sn91068245/issues</subfield></datafield></record>